
@book{ZFInAction,
    title = "\emph{'Zend Framework In Action'}",
    author = {Rob Allen y Nick Lo},
    publisher = {\\Manning Publications},
    pages = {199},
    year = "2007"
}

@book{ZFBeg,
    title = "\emph{'Beginning Zend Framework'}",
    author = {Armando Padilla},
    publisher = {\\Apress},
    pages = {424},
    year = "2009"
}
@misc{MVCWiki,
    title = "\emph{'Modelo Vista Controlador'}",
    author = {Wikipedia. La enciclopedia libre},
    howpublished = "\\\url{http://es.wikipedia.org/wiki/Modelo_Vista_Controlador}",
    year = "2009"
}

@misc{ZFWiki,
    title = "\emph{'Zend Framework'}",
    author = {Wikipedia. The Free Encyclopedia},
    howpublished = "\\\url{http://en.wikipedia.org/wiki/Zend_Framework}",
    year = "2010"
}

@misc{ZF,
    title = "\emph{'Zend Framework'}",
    author = {Zend Technologies Ltd.},
    howpublished = "\\\url{http://framework.zend.com/}",
    year = "2010"
}

@misc{ZFDoc,
    title = "\emph{'Zend Framework Documentation: Programmer's Reference Guide'}",
    author = {Zend Technologies Ltd.},
    howpublished = "\\\url{http://framework.zend.com/manual/en/}",
    year = "2010"
}

@misc{ZFGuia,
    title = "\emph{'Gu√≠a Zend'}",
    author = {'Maestros del Web', Rodrigo Souto},
    howpublished =
"\\\url{http://www.maestrosdelweb.com/editorial/guia-zend/}",
    year = "2010"
}

@misc{SEWiki,
    title = "\emph{'Web Search Engine'}",
    author = {Wikipedia. The Free Encyclopedia},
    howpublished = "\\\url{http://en.wikipedia.org/wiki/Web_search_engine}",
    year = "2010"
}









